@inproceedings{regge,
author={Regge, T. and Teitelboim, C.},
title={General relativity \`a la string: a progress report},
booktitle={Proceedings of the First Marcel Grossmann Meeting, Trieste, Italy, 1975},
editor={R. Ruffini},
address={North Holland, Amsterdam},
year={1977},
pages={77-88},
eprint={arXiv:1612.05256}
}
@article{RT1974,
title = "Role of surface integrals in the Hamiltonian formulation of general relativity ",
journal = "Annals of Physics ",
volume = "88",
number = "1",
pages = "286 - 318",
year = "1974",
issn = "0003-4916",
doi = "10.1016/0003-4916(74)90404-7",
author = "Regge, T. and Teitelboim, C."
}
@report{HRT,
author="Hanson, Andrew J. and Regge, Tullio and Teitelboim, Claudio",
title="{Constrained Hamiltonian Systems}",
handle="2022/3108",
year="1976",
reportNumber="RX-748, PRINT-75-0141 (IAS,PRINCETON)",
SLACcitation="%%CITATION = RX-748 ETC.;%%",
url={http://hdl.handle.net/2022/3108}
}
@article{barvin,
author={Barvinskii, A. O.},
title={Cosmological branes and macroscopic extra dimensions},
journal={Phys.-Usp.},
volume={48},
pages={545-575},
year={2005}
}

@article{carlip,
author={Carlip, S.},
title={Quantum Gravity: a Progress Report},
journal={Rept. Prog. Phys.},
volume={64},
pages={885-942},
year={2001},
doi={10.1088/0034-4885/64/8/301},
eprint={arXiv:gr-qc/0108040}
}

@incollection{adm,
author={Arnowitt, R. and Deser, S. and Misner, C.},
title={The Dynamics of General Relativity},
booktitle={Gravitation: an introduction to current research},
editor={L. Witten},
publisher={Wiley},
address={New York},
year={1962},
chapter={7},
pages={227-265},
eprint={arXiv:gr-qc/0405109}
}

@article{tapia,
author={Tapia, V.},
title={Gravitation a la string},
journal={Class. Quant. Grav.},
volume={6},
pages={L49},
year={1989},
doi={10.1088/0264-9381/6/3/003}
}

@article{frtap,
author={Franke, V. A. and Tapia, V.},
title={The ADM Lagrangian in extrinsic gravity},
journal={Nuovo Cimento B},
volume={107},
number={6},
pages={611},
doi={10.1007/BF02723170},
year={1992}
}

@article{rojas06,
author={Capovilla, R. and Escalante, A. and Guven, J. and Rojas, E.},
title={Hamiltonian dynamics of extended objects: Regge-Teitelboim model},
journal={Int. J. Theor. Phys.},
volume={48},
pages={2486},
year={2009},
doi={10.1007/s10773-009-0035-9},
eprint={arXiv:gr-qc/0603126}
}

@article{statja25,
author={Paston, S. A.},
title={Gravity as a field theory in flat space-time},
journal={Theor. Math. Phys.},
volume={169},
number={2},
pages={1611-1619},
year={2011},
doi={10.1007/s11232-011-0138-3},
eprint={arXiv:1111.1104}
}

@article{faddeev,
author={Faddeev, L. D.},
title={New dynamical variables in Einstein's theory of gravity},
journal={Theor. Math. Phys.},
volume={166},
number={3},
pages={279-290},
year={2011},
doi={10.1007/s11232-011-0023-0},
eprint={arXiv:0906.4639, arXiv:0911.0282, arXiv:1003.2311}
}

@article{rojas09,
author={Cordero, R. and Molgado, A. and Rojas, E.},
title={Ostrogradski approach for the Regge-Teitelboim type cosmology},
journal={Phys. Rev. D},
volume={79},
pages={024024},
year={2009},
doi={10.1103/PhysRevD.79.024024},
eprint={arXiv:0901.1938}
}

@unpublished{tapiaob,
author={Pavsic, M. and Tapia, V.},
title={Resource Letter on geometrical results for Embeddings and Branes},
year={2000},
eprint={arXiv:gr-qc/0010045}
}

@article{statja18,
author={Paston, S. A. and Franke, V. A.},
title={Canonical formulation of the embedded theory of gravity equivalent to Einstein's general relativity},
journal={Theor. Math. Phys.},
volume={153},
number={2},
pages={1582-1596},
year={2007},
doi={10.1007/s11232-007-0134-9},
eprint={arXiv:0711.0576}
}

@article{statja24,
author={Paston, S. A. and Semenova, A. N.},
title={Constraint algebra for Regge-Teitelboim formulation of gravity},
journal={Int. J. Theor. Phys.},
volume={49},
number={11},
pages={2648-2658},
year={2010},
doi={10.1007/s10773-010-0456-5},
eprint={arXiv:1003.0172}
}
 
@article{deser,
author={Deser, S. and Pirani, F. A. E. and Robinson, D. C.},
title={New embedding model of general relativity},
journal={Phys. Rev. D},
volume={14},
number={12},
pages={3301-3303},
doi={10.1103/PhysRevD.14.3301},
year={1976}
}

@book{gorbrub,
author={Gorbunov, D. S. and Rubakov, V. A.},
title={Introduction to the theory if the early Universe. Cosmological perturbations and inflationary theory},
publisher={World Scientific},
address={Hackensack, New Jersey},
year={2011}
}

@article{rozen65,
author={Rozen, J.},
title={Embedding of Various Relativistic Riemannian Spaces in Pseudo-Euclidean Spaces},
journal={Rev. Mod. Phys.},
volume={37},
pages={204},
doi={10.1103/RevModPhys.37.204},
year={1965}
}

@inproceedings{statja16,
author={Paston, S. A. and Franke, V. A.},
title={The gravity as a theory of embedding of space-time
into the flat space of higher dimensions [in Russian]},
booktitle={Proceedings of the 15 International
V.A. Fock school for advances of physics 2005},
editor={V. Novozhilov},
publisher={Publishing house of St.Petersburg State University},
address={St.Petersburg},
year={2006},
pages={34}
}

@article{gane,
author={Janet, M.},
journal={Ann. Soc. Polon. Math.},
volume={5},
pages={38-43},
year={1926}
}

@article{kart,
author={Kartan, E.},
journal={Ann. Soc. Polon. Math.},
volume={6},
pages={1-7},
year={1927}
}

@book{kobno1,
author={Kobayashi, Sh. and Nomizu, K.},
title={Foundations of Differential Geometry},
volume={1},
publisher={Wiley},
address={New York},
year={1963}
}

@book{kobno2,
author={Kobayashi, Sh. and Nomizu, K.},
title={Foundations of Differential Geometry},
volume={2},
publisher={Wiley},
address={New York},
year={1969}
}

@book{kobno,
author={Kobayashi, Sh. and Nomizu, K.},
title={Foundations of Differential Geometry},
volume={1,2},
publisher={Wiley},
address={New York},
year={1963,1969}
}

@book{griffiths,
author={Griffiths, J. and Podolsky, J.},
title={Exact Space-Times in Einstein's General Relativity},
publisher={Cambridge University Press},
address={New York},
year={2009}
}

@inproceedings{statja20,
author={Paston, S. A. and Franke, V. A.},
title={Einstein's General Relativity as a theory
of 4d surface in a flat 10d space [in Russian]},
booktitle={Collection of Materials of XLI and XLII Winter
Schools of SPINP "Physics of Atomic Nuclei and Elementary Particles"},
publisher={St.Petersburg Inst. Nucl. Phys.},
address={St.Petersburg},
year={2008},
pages={231-275}
}

@article{kasner2,
author={Kasner, E.},
title={The Impossibility of Einstein Fields Immersed in Flat Space of Five Dimensions},
journal={Am. J. Math.},
volume={43},
number={2},
pages={126-129},
url={http://www.jstor.org/stable/2370245},
doi={10.2307/2370245},
year={1921}
}

@article{kasner3,
author={Kasner, E.},
title={Finite Representation of the Solar Gravitational Field in Flat Space of Six Dimensions},
journal={Am. J. Math.},
volume={43},
number={2},
pages={130-133},
url={http://www.jstor.org/stable/2370246},
year={1921}
}

@article{frons,
author={Fronsdal, C.},
title={Completion and Embedding of the Schwarzschild Solution},
journal={Phys. Rev.},
volume={116},
number={3},
pages={778-781},
year={1959},
doi ={10.1103/PhysRev.116.778}
}

@article{davidson,
author={Davidson, A. and Paz, U.},
title={Extensible Black Hole Embeddings},
journal={Found. Phys.},
volume={30},
number={5},
pages={785-794},
doi={10.1023/A:1003793128801},
year={2000}
}

@article{blashke2010,
author={Blaschke, D. N. and Steinacker, H.},
title={Schwarzschild geometry emerging from matrix models},
journal={Class. Quant. Grav.},
volume={27},
pages={185020},
year={2010},
doi={10.1088/0264-9381/27/18/185020},
eprint={arXiv:1005.0499}
}

@article{fudjitani3,
author={Fujitani, T. and Ikeda, M. and Matsumoto, M.},
title={On the imbedding of the Schwarzschild space-time III},
journal={J. Math. Kyoto Univ.},
volume={1},
number={2},
pages={255-269},
url={http://projecteuclid.org/euclid.kjm/1250525060},
year={1962}
}

@article{plebansky95,
author={Plebanski, J. F.},
title={An embedding of a Schwarzchild black hole in terms of elementary functions},
journal={Acta Phys. Pol. B},
volume={26},
number={5},
pages={875-888},
year={1995}
}

@article{rosen65,
author={Rosen, J.},
title={Embedding of Various Relativistic Riemannian Spaces in Pseudo-Euclidean Spaces},
journal={Rev. Mod. Phys.},
volume={37},
number={1},
pages={204-214},
year={1965},
doi={10.1103/RevModPhys.37.204}
}

@article{collinson68,
author={Collinson, C. D.},
title={Embeddings of the Plane-Fronted Waves and Other Space-Times},
journal={J. Math. Phys.},
volume={9},
pages={403},
year={1968},
doi={10.1063/1.1664593}
}

@article{fridman61,
author={Friedman, A.},
title={Local isometric embedding of Riemannian manifolds with
indefinite metric},
journal={J. Math. Mech.},
volume={10},
pages={625},
doi={10.1512/iumj.1961.10.10042},
year={1961}
}

@book{eisenhart,
author={Eisenhart, L. P.},
title={Riemannian Geometry},
publisher={Princeton Univ. Press},
year={1949}
}

@book{schmutzer,
author={Stephani, H. and Kramer, D. and Maccallum, M. and Hoenselaers, C. and Herlt, E.},
title={Exact Solutions of Einstein's Field Equations, 2nd ed.},
publisher={Cambridge University Press},
year={2003}
}

@incollection{goenner,
author={Goenner, H.},
title={Local Isometric Embedding of Riemannian Manifolds and Einstein's Theory of Gravitation},
booktitle={General Relativity and Gravitation: One Hundred Years after the birth of Albert Einstein},
editor={Held, A.},
publisher={Plenum Press},
address={New York},
year={1980},
volume={1},
chapter={14},
pages={441-468}
}

@article{monte09,
author={Monte, E.M.},
title={Embedding Versus Immersion in General Relativity},
journal={Int. J. Mod. Phys. A},
volume={24},
pages={1501-1504},
year={2009},
doi={10.1142/S0217751X09044887},
eprint={arXiv:0908.3320}
}

@article{davkar,
author={Karasik, D. and Davidson, A.},
title={Geodetic Brane Gravity},
journal={Phys. Rev. D},
volume={67},
pages={064012},
year={2003},
doi={10.1103/PhysRevD.67.064012},
eprint={arXiv:gr-qc/0207061}
}

@article{davgur06,
author={Davidson, A. and Gurwich, I.},
title={Dirac Relaxation of the Israel Junction Conditions: Unified Randall-Sundrum Brane Theory},
journal={Phys. Rev. D},
volume={74},
pages={044023},
year={2006},
doi={10.1103/PhysRevD.74.044023},
eprint={arXiv:gr-qc/0606098}
}

@article{pavsic85,
author={Pavsic, M.},
title={On The Quantization Of Gravity By Embedding Space-Time In A Higher Dimensional Space},
journal={Class. Quant. Grav.},
volume={2},
pages={869},
year={1985},
doi={10.1088/0264-9381/2/6/012},
eprint={arXiv:1403.6316}
}

@article{pavsic85let,
author={Pavsic, M.},
title={Classical theory of a space-time sheet},
journal={Phys. Lett. A},
volume={107},
pages={66-70},
doi={10.1016/0375-9601(85)90196-3},
year={1985}
}

@article{gibbons87,
author={Gibbons, G. W. and Wiltshire, D. L.},
title={Spacetime as a membrane in higher dimensions},
journal={Nuclear Physics B},
volume={287},
pages={717-742},
year={1987},
doi={10.1016/0550-3213(87)90125-8},
eprint={arXiv:hep-th/0109093}
}

@article{maia89,
author={Maia, M. D.},
title={On  the  integrability conditions for extended objects},
journal={Class. Quant. Grav.},
volume={6},
pages={173-183},
year={1989},
doi={10.1088/0264-9381/6/2/011}
}

@article{davids97,
author={Davidson, A.},
title={$\Lambda=0$ Cosmology of a Brane-like universe},
journal={Class. Quant. Grav.},
volume={16},
pages={653},
year={1999},
doi={10.1088/0264-9381/16/3/003},
eprint={arXiv:gr-qc/9710005}
}

@unpublished{davids01,
author={Davidson, A. and Karasik, D. and Lederer, Y.},
title={Cold Dark Matter from Dark Energy},
year={2001},
eprint={arXiv:gr-qc/0111107}
}

@article{dav_higgs,
title = {Geodesic evolution and nucleation of a de Sitter brane},
author = {Davidson, Aharon and Karasik, David and Lederer, Yoav},
journal = {Phys. Rev. D},
volume = {72},
issue = {6},
pages = {064011},
numpages = {5},
year = {2005},
month = {Sep},
publisher = {American Physical Society},
doi={10.1103/PhysRevD.72.064011},
eprint={arXiv:gr-qc/0509127}
}

@unpublished{willison,
author={Willison, S.},
title={A Re-examination of the isometric embedding approach to General Relativity},
year={2013},
eprint={arXiv:1311.6203}
}

@article{bandos,
author={Bandos, I. A.},
title={String-Like Description of Gravity and Possible Applications for F-theory},
journal={Mod. Phys. Lett. A},
volume={12},
pages={799-810},
year={1997},
doi={10.1142/S0217732397000820},
eprint={arXiv:hep-th/9608093}
}

@article{statja26,
author={Paston, S. A. and Sheykin, A. A.},
title={From the Embedding Theory to General Relativity in a result of inflation},
journal={Int. J. Mod. Phys. D},
volume={21},
number={5},
pages={1250043},
year={2012},
doi={10.1142/S0218271812500435},
eprint={arXiv:1106.5212}
}

@article{statja27,
author={Paston, S. A. and Sheykin, A. A.},
title={Embeddings for Schwarzschild metric: classification and new results},
journal={Class. Quant. Grav.},
volume={29},
pages={095022},
year={2012},
doi={10.1088/0264-9381/29/9/095022},
eprint={arXiv:1202.1204}
}

@article{Pandey,
author={Pandey, S. N. and Kansal, I. D.},
title={Impossibility of class one electromagnetic fields},
journal={Proc. Cambridge Phil. Soc.},
volume={66},
pages={153},
doi={10.1017/S0305004100044819},
year={1969}
}

@article{RosenRN,
author={Rosen, J.},
title={Embedding of the Schwarzschild and Reissner-Weyl Solutions},
journal={Nuovo Cimento},
volume={38},
pages={631-633},
year={1965},
doi={10.1007/BF02750490}
}

@article{hong2003,
author={Hong, S.},
title={Complete higher dimensional global embedding structures of various black holes},
journal={Gen. Rel. Grav.},
volume={36},
pages={1919-1929},
year={2004},
doi={10.1023/B:GERG.0000035958.55759.24},
eprint={arXiv:gr-qc/0310118}
}

@article{deserlev97,
title={Accelerated Detectors and Temperature in (Anti) de Sitter Spaces},
author={Deser, S. and Levin, O.},
journal={Class. Quant. Grav.},
volume={14},
pages={L163-L168},
year={1997},
doi={10.1088/0264-9381/14/9/003},
eprint={arXiv:gr-qc/9706018}
}

@article{deserlev98,
author={Deser, S. and Levin, O.},
title={Equivalence of Hawking and Unruh Temperatures and Entropies Through Flat Space Embeddings},
journal={Class. Quant. Grav.},
volume={15},
pages={L85-L87},
year={1998},
doi={10.1088/0264-9381/15/12/002},
eprint={arXiv:hep-th/9806223}
}

@article{Plazowski,
author={Plazowski, J.},
title={The imbedding method of finding the maximal extensions of solutions of Einstein field equations},
journal={Acta Phys. Pol. B},
volume={4},
pages={49},
year={1973},
}

@article{Ferraris,
author={Ferraris, M. and Francaviglia, M.},
title={Algebraic Isometric Embeddings of Charged Spherically Symmetric Space-Times},
journal={Gen. Rel. Grav.},
volume={12},
pages={791-804},
year={1980},
doi={10.1007/BF00763056}
}

@article{deserlev99,
author={Deser, S. and Levin, O.},
title={Mapping Hawking into Unruh thermal properties},
journal={Phys. Rev. D},
volume={59},
pages={064004},
year={1999},
doi={10.1103/PhysRevD.59.064004},
eprint={arXiv:hep-th/9809159}
}

@article{gr-qc/0305102,
author={Giblin Jr, J. T and Marolf, D. and Garvey, R. H.},
title={Spacetime Embedding Diagrams for Spherically Symmetric Black Holes},
journal={Gen. Rel. Grav.},
volume={36},
pages={83-99},
year={2004},
doi={10.1023/B:GERG.0000006695.17232.2e},
eprint={arXiv:gr-qc/0305102}
}

@article{gr-qc/0307056,
author={Paranjape, A. and  Dadhich, N.},
title={Embedding Diagrams for the Reissner-Nordstrom spacetime},
journal={Gen. Rel. Grav.},
volume={36},
pages={1189-1195},
year={2004},
doi={10.1023/B:GERG.0000018285.39500.ed},
eprint={arXiv:gr-qc/0307056}
}

@article{gr-qc/0605104,
author={Jacob, A. and  Piran, T.},
title={Embedding the Reissner-Nordstrom spacetime in Euclidean and Minkowski spaces},
journal={Class. Quant. Grav.},
volume={23},
pages={4035-4045},
year={2006},
doi={10.1088/0264-9381/23/12/003},
eprint={arXiv:gr-qc/0605104}
}

@article{fujitani,
author={Fujitani, T. and Ikeda, M. and Matsumoto, M.},
title={On the imbedding of the Schwarzschild space-time I},
journal={J. Math. Kyoto Univ.},
volume={1},
number={1},
pages={43-61},
year={1961},
url={http://projecteuclid.org/euclid.kjm/1250525103}
}

@article{estabrook,
author={Estabrook, F},
title={Specialized Orthonormal Frames and Embedding},
journal={SIGMA},
volume={9},
pages={012},
year={2013},
doi={10.3842/SIGMA.2013.012},
eprint={arXiv:1206:5229}
}

@article{estabrook1999,
author={Estabrook, F. B. and Robinson, R. S. and Wahlquist, H. R},
title={Constraint-free theories of gravitation},
journal={Class. Quant. Grav.},
volume={16},
pages={911-918},
doi={10.1088/0264-9381/16/3/019},
year={1999}
}

@article{estabrook2009,
author={Estabrook, F. B.},
title={The Hilbert Lagrangian and Isometric Embedding: Tetrad
Formulation of Regge-Teitelboim Gravity},
journal={J. Math. Phys.},
volume={51},
pages={042502},
year={2010},
doi={10.1063/1.3352557},
eprint={arXiv:0908:0365v2}
}

@article{letaw81,
author={Letaw, J. R.},
title={Stationary world lines and the vacuum excitation of noninertial detectors},
journal={Phys. Rev. D},
volume={23},
pages={1709-1714},
year={1981},
doi={10.1103/PhysRevD.23.1709}
}

@article{statja30,
author={Paston, S. A. and Sheykin, A. A.},
title={Global embedding of the Reissner-Nordstrom metric in the flat ambient space},
journal={SIGMA},
volume={10},
pages={003},
year={2014},
doi={10.3842/SIGMA.2014.003},
eprint={arXiv:1304:6550}
}

@article{Kuzeev,
author={Kuzeev, R. R.},
title={Imbedding of Kerr's space-time},
journal={Gravitatsiya i Teoriya Otnositelnosti},
volume={18},
pages={75},
year={1981; in Russian}
}

@article{statja29,
author={Paston, S. A. and Sheykin, A. A.},
title={Embeddings for solutions of Einstein equations},
journal={Theor. Math. Phys},
volume={175},
number={3},
pages={806-815},
year={2013},
doi={10.1007/s11232-013-0067-4},
eprint={arXiv:1306.4826}
}

@article{barbado,
author={Barbado, L. C. and Visser, M.},
title={Unruh-DeWitt detector event rate for trajectories with time-dependent acceleration},
journal={Phys. Rev. D},
volume={86},      
pages={084011},
year={2012},
doi={10.1103/PhysRevD.86.084011},
eprint={arXiv:1207.5525}
}

@article{abdolrahimi,
author={Abdolrahimi, S.},
title={Velocity Effects on an Accelerated Unruh-DeWitt Detector},
journal={Class. Quantum Grav.},
volume={31},
pages={135009},
year={2014},
doi={10.1088/0264-9381/31/13/135009},
eprint={arXiv:1304.4237}
}

@article{lemos,
author={Santos, N. L. and Dias, O. J. C. and Lemos, J. P. S.},
title={Global embedding of D-dimensional black holes with a cosmological constant in Minkowskian spacetimes: Matching between Hawking temperature and Unruh temperature},
journal={Phys. Rev. D},
volume={70},
pages={124033},
year={2004},
doi={10.1103/PhysRevD.70.124033},
eprint={arXiv:hep-th/0412076}
}

@article{chen2005,
author={Chen, H. Z. and Tian, Yu},
title={A Note on the Generalization of the GEMS Approach},
journal={Phys. Rev. D},
volume={71},
pages={104008},
year={2005},
doi={10.1103/PhysRevD.71.104008},
eprint={arXiv:gr-qc/0410077}
}

@article{kim00,
author={Kim, Y.-W. and Park, Y.-J. and Soh, K.-S.},
title={Reissner-Nordstrom-AdS black hole in the GEMS approach},
journal={Phys. Rev. D},
volume={62},      
pages={104020},
year={2000},
doi={10.1103/PhysRevD.62.104020},
eprint={arXiv:gr-qc/0001045}
}

@article{banerjee10,
author={Banerjee, R. and Majhi, B. R.},
title={A New Global Embedding Approach to Study Hawking and Unruh Effects},
journal={Phys. Lett. B},
volume={690},      
pages={83},
year={2010},
doi={10.1016/j.physletb.2010.05.001},
eprint={arXiv:1002.0985}
}

@article{fudjitani,
author={Fujitani, T. and Ikeda, M. and Matsumoto, M.},
title={On the imbedding of the Schwarzschild space-time I},
journal={J. Math. Kyoto Univ.},
volume={1},
number={1},
pages={43-61},
year={1961},
url={http://projecteuclid.org/euclid.kjm/1250525103}
}

@article{mukhanov, 
year={2013}, 
journal={Journal of High Energy Physics}, 
volume={2013}, 
number={11}, 
title={Mimetic dark matter}, 
publisher={Springer Berlin Heidelberg}, 
keywords={Cosmology of Theories beyond the SM; Classical Theories of Gravity}, 
author={Chamseddine, A. H. and Mukhanov, V.}, 
pages={135}, 
doi={10.1007/JHEP11(2013)135},
eprint={arXiv:1308.5410}
} 

@unpublished{bustamante, 
year={2005}, 
title={Classical Gravitation as free Membrane Dynamics}, 
eprint={arXiv:gr-qc/0509090}, 
author={ Bustamante, M. D. and  Debbasch, F. and Brachet, M.-E.}, 
} 

@article{Golovnev201439, 
title = {On the recently proposed mimetic Dark Matter}, 
journal = {Physics Letters B}, 
volume = {728}, 
number = {}, 
pages = {39 - 40}, 
year = {2014}, 
note = {}, 
issn = {0370-2693}, 
author = {Golovnev, A.},
doi={10.1016/j.physletb.2013.11.026},
eprint={arXiv:1310.2790}
}

@article{lrr-2010-5, 
title    = {Brane-World Gravity}, 
author   = {Maartens, R. and Koyama, K.}, 
journal  = {Living Reviews in Relativity}, 
year     = {2010}, 
pages    = {5},
volume   = {13},
keywords = {Brane-world models, M theory},
doi      = {10.12942/lrr-2010-5}
}

@inproceedings{statja32,
author={Sheykin, A. A. and Grad, D. A. and Paston, S. A.},
title={Embeddings of the black holes in a flat space},
booktitle={Proceedings of QFTHEP 2013, Saint Petersburg Area, Russia},
publisher = {Proceedings of Science},
year={PoS(QFTHEP2013)091},
eprint={arXiv:1401.7820},
doi={10.22323/1.183.0091}
}

@article{kokarev1998,
author = {Kokarev, S. S.}, 
title = {Space-time as multidimensional elastic plate}, 
journal = {Nuovo Cim. B}, 
volume = {113}, 
pages = {1339-1350}, 
year = {1998},  
eprint={arXiv:gr-qc/0010005}
}

@article{hawking75,
author = {Hawking, S. W.}, 
title = {Particle Creation by Black Holes},
journal = {Commun. Math. Phys.}, 
volume = {43}, 
pages = {199-220}, 
year = {1975},
doi={10.1007/BF02345020}
}

@article{unruh,
author = {Unruh, W. G.}, 
title = {Notes on black-hole evaporation},
journal = {Phys. Rev. D}, 
volume = {14}, 
pages = {870-892}, 
year = {1976},
doi={10.1103/PhysRevD.14.870}
}

@article{hep-th/0103036,
author = {Hong, S.-T. and Kim, W. T. and Oh, J. J. and Park, Y.-J.}, 
title = {Higher dimensional flat embeddings of black strings in (2+1) dimensions},
journal = {Phys. Rev. D}, 
volume = {63}, 
pages = {127502}, 
year = {2001},  
doi={10.1103/PhysRevD.63.127502},
eprint={arXiv:hep-th/0103036}
}

@article{gr-qc/0303059,
author = {Hong, S.-T. and Kim, S.-W.}, 
title = {Can wormholes have negative temperatures?},
journal = {Mod. Phys. Lett. A}, 
volume = {21}, 
pages = {789-794}, 
year = {2006},  
doi={10.1142/S0217732306019839},
eprint={arXiv:gr-qc/0303059}
}

@article{arXiv:1012.5709,
author = {Cai, R.-G. and Myung, Y. S.}, 
title = {Hawking temperature for constant curvature black hole and its analogue in de Sitter space},
journal = {Phys. Rev. D}, 
volume = {83}, 
pages = {107502},
year = {2011},  
doi={10.1103/PhysRevD.83.107502},
eprint={arXiv:1012.5709}
}

@article{arXiv:1311.0592,
author={Kim, Y.-W. and Choi, J. and Park, Y.-J.},
title={Local free-fall Temperature of GMGHS Black Holes},
journal = {Phys. Rev. D}, 
volume = {89}, 
pages = {044004},
year={2014},
doi={10.1103/PhysRevD.89.044004},
eprint={arXiv:1311.0592}
}

@article{gr-qc/0409107,
author = {Chen, H.-Z. and Tian, Y. and Gao, Y.-H. and Song, X.-C.}, 
title = {The GEMS Approach to Stationary Motions in the Spherically Symmetric Spacetimes},
journal = {JHEP}, 
volume = {10}, 
pages = {011},
year = {2004},  
doi={10.1088/1126-6708/2004/10/011},
eprint={arXiv:gr-qc/0409107}
}

@article{arXiv:0805.1876,
author = {Brynjolfsson, E. J. and Thorlacius, L.}, 
title = {Taking the Temperature of a Black Hole},
journal = {JHEP}, 
volume = {09}, 
pages = {066},
year = {2008},  
doi={10.1088/1126-6708/2008/09/066},
eprint={arXiv:0805.1876}
}

@unpublished{arXiv:0901.0466,
author={Banerjee, R. and Majhi, B. R. and Roy, D.},
title={Corrections to Unruh effect in tunneling formalism and mapping with Hawking effect},
year={2009},
eprint={arXiv:0901.0466}
}

@article{Banerjee,
author = {Banerjee, R. and Majhi, B. R.}, 
title = {A New Global Embedding Approach to Study Hawking and Unruh Effects},
journal = {Phys. Lett. B},
volume = {690}, 
pages = {83-86},
year = {2010},  
doi={10.1016/j.physletb.2010.05.001},
eprint={arXiv:1002.0985}
}

@article{padmanabhan02,
author = {Padmanabhan, T.}, 
title = {Thermodynamics and/of Horizons: A Comparison of Schwarzschild, RINDLER and desitter Spacetimes},
journal = {Mod. Phys. Lett. A}, 
volume = {17}, 
pages = {923-942}, 
year = {2002},  
doi={10.1142/S021773230200751X},
eprint={arXiv:gr-qc/0202078}
}

@article{akhmedov07,
author = {Akhmedov, E. T. and Singleton D.}, 
title = {On the physical meaning of the Unruh effect},
journal = {Pisma Zh. Eksp. Teor. Fiz.}, 
volume = {86}, 
pages = {702-706}, 
year = {2007},  
doi={10.1134/S0021364007210138},
eprint={arXiv:0705.2525}
}

@inproceedings{willison1302,
author={Willison, S.},
title={AdS spacetimes and isometric embeddings},
booktitle={Relativity and Gravitation, 100 Years after Einstein in Prague},
editor={Bicak, J. and Ledvinka, T.},
publisher = {Springer Proceedings in Physics},
year={2014},
pages={319-322},
eprint={arXiv:1302.1762}
}

@unpublished{willison_pv,
author={Willison, S.},
note={Private communication},
year = {2014}
}

@article{statja33,
author={Sheykin, A. A. and Paston, S. A.},
title={The approach to gravity as a theory of embedded surface},
journal={AIP Conference Proceedings},
volume={1606},
pages={400},
year={2014},
doi={10.1063/1.4891157},
eprint={arXiv:1402.1121}
}

@article{statja34,
author={Paston, S. A.},
title={When does the Hawking into Unruh mapping for global embeddings work?},
journal={JHEP},
volume={06},
pages={122},
year={2014},
doi={10.1007/JHEP06(2014)122},
eprint={arXiv:1402.3975}
}

@article{rindler,
author={Rindler, W.},
title={Kruskal Space and the Uniformly Accelerated Frame},
journal={Am. J. Phys.},
volume={34},
number={12},
pages={1174-1178},
year={1966},
doi={10.1119/1.1972547}
}

@unpublished{townsend,
author={Townsend, P. K.},
title={Black Holes},
year={1997},
eprint={arXiv:gr-qc/9707012}
}

@article{statja36,
author={Paston, S. A.},
title={Hawking into Unruh mapping for embeddings of hyperbolic type},
journal={Class. Quant. Grav.},
volume={32},
number={14},
pages={145009},
year={2015},
doi={10.1088/0264-9381/32/14/145009},
eprint={arXiv:1411.4329}
}

@article{hep-th0003098,
author={Bertola, M. and Bros, J. and Gorini, V. and Moschella, U. and Schaeffer, R.},
title={Decomposing Quantum Fields on Branes},
journal={Nucl. Phys. B},
volume={581},
pages={575-603},
year={2000},
doi={10.1016/S0550-3213(00)00280-7},
eprint={arXiv:hep-th/0003098}
}

@article{1305.6933,
author={Chu, Yi-Zen},
title={A Line Source In Minkowski For The de Sitter Spacetime Scalar Green's Function: Massless Minimally Coupled Case},
journal={J. Math. Phys.},
volume={55},
number={9},
pages={092501},
year={2014},
doi={10.1063/1.4895506},
eprint={arXiv:1305.6933}
}

@unpublished{1310.2939,
author={Chu, Yi-Zen},
title={A Line Source in Minkowski for the de Sitter Spacetime Scalar Green's Function: Massive Case},
year={2013},
eprint={arXiv:1310.2939}
}

@article{letaw80,
author={Letaw, J. R.},
title={Quantized scalar field in rotating coordinates},
journal={Phys. Rev. D},
volume={22},
number={6},
pages={1345-1351},
year={1980},
doi={10.1103/PhysRevD.22.1345}
}

@article{barbado2012,
author={Barbado, L. C. and Visser, M.},
title={Unruh-DeWitt detector event rate for trajectories with time-dependent acceleration},
journal={Phys. Rev. D},
volume={86},
pages={084011},
year={2012},
doi={10.1103/PhysRevD.86.084011},
eprint={arXiv:1207.5525}
}

@article{bertola1,
author={Bertola, M. and Gouthier, D.},
title={Warped products with special Riemannian curvature},
journal={Bol. Soc. Bras. Mat.},
volume={32},
pages={45-62},
year={2001},
doi={10.1007/BF01238957}
}

@article{kuzeevRN,
author={Kuzeev, R. R.},
title={Imbedding of the Kerr-Newman metric},
journal={Gravitatsiya i Teoriya Otnositelnosti},
volume={21},
pages={123},
year={1984; in Russian}
}

@article{gr-qc/0001045,
author={Kim, Y.-W. and Park, Y.-J. and Soh, K.-S.},
title={Reissner-Nordstrom-AdS black hole in the GEMS approach},
journal={Phys. Rev. D},
volume={62},
pages={104020},
year={2000},
doi={10.1103/PhysRevD.62.104020},
eprint={arXiv:gr-qc/0001045}
}

@article{gr-qc/0503079,
author={Hong, S.-T. and Kim, S.-W.},
title={Hydrodynamics and global structure of rotating Schwarzschild black holes},
journal={J. Korean Phys. Soc.},
volume={49},
pages={S748-S754},
year={2006},
eprint={arXiv:gr-qc/0503079}
}

@article{culetu,
author={Beciu, M. and Culetu, H.},
title={Embedding as a substitute for the Kruskal maximal extension},
journal={Mod. Phys. Lett. A},
volume={14},
number={1},
pages={1-8},
year={1999},
doi={10.1142/S021773239900002X}
}

@article{karmarkar,
year={1948},
issn={0370-0089},
journal={Proceedings of the Indian Academy of Sciences - Section A},
volume={27},
number={1},
doi={10.1007/BF03173443},
title={Gravitational metrics of spherical symmetry and class one},
publisher={Springer India},
author={Karmarkar, K. R.},
pages={56-60},
language={English}
}

@article{ferraris_canon,
   author = "Ferraris, M. and Francaviglia, M.",
   title = "Energy-momentum tensors and stress tensors in geometric field theories",
   journal = "Journal of Mathematical Physics",
   year = "1985",
   volume = "26",
   number = "6", 
   pages = "1243-1252",
   doi = "10.1063/1.526531" 
}
@article{rojas04,
      author         = "Capovilla, R. and Guven, J. and Rojas, E.",
      title          = "{Hamiltonian dynamics of extended objects}",
      journal        = "Class.Quant.Grav.",
      volume         = "21",
      pages          = "5563-5586",
      doi            = "10.1088/0264-9381/21/23/017",
      year           = "2004",
      eprint         = "hep-th/0404178",
      archivePrefix  = "arXiv",
      primaryClass   = "hep-th",
      SLACcitation   = "%%CITATION = HEP-TH/0404178;%%",
}
@article{rojas13,
      author         = "Cordero, R. and Cruz, M. and Molgado, A. and Rojas, E.",
      title          = "{Quantum modified Regge-Teitelboim cosmology}",
      journal        = "Gen.Rel.Grav.",
      volume         = "46",
      pages          = "1761",
      doi            = "10.1007/s10714-014-1761-8",
      year           = "2014",
      eprint         = "1309.3031",
      archivePrefix  = "arXiv",
      primaryClass   = "gr-qc",
      SLACcitation   = "%%CITATION = ARXIV:1309.3031;%%",
}
@article{jeffreys,
title = "Automatic computation of the complete root classification for a parametric polynomial ",
journal = "Journal of Symbolic Computation ",
volume = "44",
number = "10",
pages = "1487 - 1501",
year = "2009",
note = "",
issn = "0747-7171",
doi = "10.1016/j.jsc.2009.05.003",
author = "Songxin Liang and David J. Jeffrey",
}
@article{banergee14,
  title = {New Hamiltonian analysis of Regge-Teitelboim minisuperspace cosmology},
  author = {Banerjee, R. and Mukherjee, P. and Paul, B.},
  journal = {Phys. Rev. D},
  volume = {89},
  issue = {4},
  pages = {043508},
  numpages = {10},
  year = {2014},
  month = {Feb},
  publisher = {American Physical Society},
  doi = {10.1103/PhysRevD.89.043508}
}

@article{kerner,
  author={Kerner, R. and Vitale, S.},
  title={Gravitational waves as deformations of embedded Einstein spaces},
  journal={Classical and Quantum Gravity},
  volume={26},
  number={23},
  pages={235007},
  doi={10.1088/0264-9381/26/23/235007},
	year={2009}
	}
	
@incollection{greene,
author={Greene, R. E.},
title={Isometric Embeddings of Riemannian and Pseudo-Riemannian Manifolds},
booktitle={Memoirs of the American Mathematical Society},
year={1970},
volume={97}
}

@article{dewitt67,
title = {Quantum Theory of Gravity. I. The Canonical Theory},
author={DeWitt, B. S.},
journal = {Phys. Rev.},
volume = {160},
issue = {5},
pages = {1113-1148},
numpages = {0},
year = {1967},
publisher = {American Physical Society},
doi = {10.1103/PhysRev.160.1113},
url = {http://link.aps.org/doi/10.1103/PhysRev.160.1113}
}


@article{robertson1933,
author={Robertson, H. P.},
title={Relativistic Cosmology},
journal={Rev. Mod. Phys.},
volume={5},
pages={62-90},
year={1933}
}

@article{statja40,
author={Sheykin, A. A. and Paston, S. A.},
title={Classification of minimum global embeddings for nonrotating black holes},
journal={Theor. Math. Phys.},
volume={185},
number={1},
pages={1547-1556},
doi={10.1007/s11232-015-0364-1},
year={2015}
}

@article{statja38,
author={Paston, S. A.},
title={Relation between quantum effects in General Relativity and embedding theory},
journal={Theor. Math. Phys.},
volume={185},
number={1},
pages={1502-1515},
doi = {10.1007/s11232-015-0359-y},
year={2015}
}

@book{vizgin,
author={Vizgin, V. P.},
title={Unified Field Theories in the first third of the 20th century},
publisher={Birkhauser Basel},
year={1994}
}

@book{rumer,
author={Rumer, Yu. B.},
title={Investigations on 5-Optics},
publisher={Moscow, Gostekhizdat},
language={Russian},
year={1956}
}

@article{maia,
   author = "Maia, M. D. and Mecklenburg, W.",
   title = "Aspects of high-dimensional theories in embedding spaces",
   journal = "Journal of Mathematical Physics",
   year = "1984",
   volume = "25",
   number = "10", 
   pages = "3047-3050",
   doi = "10.1063/1.526020" 
}

@article{maia1,
  title = {Geometry of Kaluza-Klein theory. I. Basic setting},
  author = {Maia, M. D.},
  journal = {Phys. Rev. D},
  volume = {31},
  issue = {2},
  pages = {262-267},
  year = {1985},
  publisher = {American Physical Society},
  doi = {10.1103/PhysRevD.31.262}  
}

@article{maia7,
  title = {Geometrical constraints on the cosmological constant},
  author = {Maia, M. D. and Silva, G. S.},
  journal = {Phys. Rev. D},
  volume = {50},
  issue = {12},
  pages = {7233-7238},
  year = {1994},
  publisher = {American Physical Society},
  doi = {10.1103/PhysRevD.50.7233},
  eprint={arXiv:gr-qc/9401005}
}

@unpublished{cahill,
author={Cahill, K.},
title={Path integrals for actions that are not quadratic in their time derivatives},
year={2015},
eprint={arXiv:1501.00473}
}
@article{statja43,
author = {Sheykin, A. A. and Paston, S. A.},
title = {Friedmann cosmology in Regge-Teitelboim gravity},
journal = {International Journal of Modern Physics: Conference Series},
volume = {41},
number = {},
pages = {1660128},
year = {2016},
doi = {10.1142/S2010194516601289},
URL = {http://www.worldscientific.com/doi/abs/10.1142/S2010194516601289},
eprint = {arXiv:1511.09268}
}


@article{fock_tetr, 
year={1929}, 
issn={0044-3328}, 
journal={Zeitschrift fur Physik}, 
volume={57}, 
number={3-4}, 
doi={10.1007/BF01339714},
title={Geometrisierung der Diracschen Theorie des Elektrons},
publisher={Springer-Verlag},
author={Fock, V. A.},
pages={261-277},
language={German}
}

@article{bronstein, 
    author = "Bronstein, M. P", 
    title = "Quantization of gravitational waves", 
    journal = "JETP", 
    year = "1936", 
    volume = "6", 
    issue="3", 
    pages = "195-236" 
} 

@article{penrose, 
year={2014}, 
issn={0015-9018}, 
journal={Foundations of Physics}, 
volume={44}, 
number={5}, 
doi={10.1007/s10701-013-9770-0}, 
title={On the Gravitization of Quantum Mechanics 1: Quantum State Reduction}, 
url={http://dx.doi.org/10.1007/s10701-013-9770-0}, 
publisher={Springer US}, 
keywords={Quantum theory; Linear superposition; Measurement; Gravitation; Principle of equivalence; Diosi-Penrose state reduction}, 
author={Penrose, R.}, 
pages={557-575}, 
language={English} 
} 

@article{sardanashvili, 
author = {Sardanashvily, G.}, 
title = {Classical gauge gravitation theory}, 
journal = {International Journal of Geometric Methods in Modern Physics}, 
volume = {08}, 
number = {08}, 
pages = {1869-1895}, 
year = {2011}, 
doi = {10.1142/S0219887811005993} 
} 

@article{marshakov, 
author={Marshakov, A. V.}, 
title={String theory or field theory?}, 
journal={Physics-Uspekhi}, 
volume={45}, 
number={9}, 
pages={915}, 
doi={10.1070/PU2002v045n09ABEH001148}, 
year={2002} 
} 

@article{ogi, 
title = "Interacting field of spin 2 and the Einstein equations", 
journal = "Annals of Physics", 
volume = "35", 
number = "2", 
pages = "167 - 208", 
year = "1965", 
issn = "0003-4916", 
doi = "10.1016/0003-4916(65)90077-1", 
author = "Ogievetsky, V. I. and Polubarinov, I. V." 
} 

@article{ogi2, 
year={1973}, 
journal={Lettere al Nuovo Cimento (1971-1985)}, 
volume={8}, 
number={17}, 
doi={10.1007/BF02891914}, 
title={Infinite-dimensional algebra of general covariance group as the closure of finite-dimensional algebras of conformal and linear groups}, 
publisher={Societa Italiana di Fisica}, 
author={Ogievetsky, V. I.}, 
pages={988-990}, 
language={English} 
} 

@article{boulware, 
  title = {Can Gravitation Have a Finite Range?}, 
  author = {Boulware, D. G. and Deser, S.}, 
  journal = {Phys. Rev. D}, 
  volume = {6}, 
  issue = {12}, 
  pages = {3368--3382}, 
  numpages = {0}, 
  year = {1972}, 
  month = {Dec}, 
  publisher = {American Physical Society}, 
  doi = {10.1103/PhysRevD.6.3368} 
} 

@article{drgt, 
  title = {Resummation of Massive Gravity}, 
  author = {de Rham, C. and Gabadadze, G. and Tolley, A. J.}, 
  journal = {Phys. Rev. Lett.}, 
  volume = {106}, 
  issue = {23}, 
  pages = {231101}, 
  numpages = {4}, 
  year = {2011}, 
  month = {Jun}, 
  publisher = {American Physical Society}, 
  doi = {10.1103/PhysRevLett.106.231101} 
} 

@article{gupta, 
  author={Gupta, S. N.}, 
  title={Quantization of Einstein's Gravitational Field: Linear Approximation}, 
  journal={Proceedings of the Physical Society. Section A}, 
  volume={65}, 
  number={3}, 
  pages={161}, 
  doi={10.1088/0370-1298/65/3/301}, 
  year={1952} 
} 
@article{gupta2, 
  author={Gupta, S. N.}, 
  title={Quantization of Einstein's Gravitational Field: General Treatment}, 
  journal={Proceedings of the Physical Society. Section A}, 
  volume={65}, 
  number={8}, 
  pages={608}, 
  doi={10.1088/0370-1298/65/8/304}, 
  year={1952} 
} 

@article{statja35, 
year={2015}, 
issn={0202-2893}, 
journal={Gravitation and Cosmology}, 
volume={21}, 
number={3}, 
doi={10.1134/S020228931503007X}, 
title={External time canonical formalism for gravity in terms of embedding theory}, 
publisher={Pleiades Publishing}, 
author={Paston, S. A. and Semenova, E. N.}, 
pages={181-190}, 
language={English},
eprint={arXiv:1509.01529}
} 

@article{faddpop, 
  author={Faddeev, L. D. and Popov, V. N.}, 
  title={Covariant quantization of the gravitational field}, 
  journal={Soviet Physics Uspekhi}, 
  volume={16}, 
  number={6}, 
  pages={777}, 
  doi={10.1070/PU1974v016n06ABEH004089}, 
  year={1974} 
} 

@book{feyngrav, 
      author        = "Feynman, R. P.", 
      title         = "Feynman Lectures on Gravitation", 
      publisher     = "Penguin", 
      address       = "London", 
      year          = "1999"
}

@article{weyl_tetr, 
year={1929}, 
issn={0044-3328}, 
journal={Zeitschrift fur Physik}, 
volume={56}, 
number={5-6},
doi={10.1007/BF01339504},
title={Elektron und Gravitation. I},
publisher={Springer-Verlag},
author={Weyl, H.},
pages={330-352},
language={German}
} 

@book{Rickles,
year={2014},
isbn={978-3-642-45127-0},
title={A Brief History of String Theory},
series={The Frontiers Collection},
doi={10.1007/978-3-642-45128-7},
publisher={Springer Berlin Heidelberg},
author={Rickles, D.},
language={English}
}

@book{birrell,
author={Birrell, N. D. and Davies, P. C. W.},
title={Quantum Fields in Curved Space},
publisher={Cambridge Univ. Press},
address={Cambridge},
year={1984}
}

@book{grib,
author={Grib, A. A. and Mamaev, S. G. and Mostepanenko, V. M.},
title={Quantum Effects in Strong External Fields [in Russian]},
publisher={Atomizdat},
address={Moscow},
year={1980}
}
@article{statja42,
  author={A. A. Sheykin and S. A. Paston}, 
  title={Field-Theoretical Formulation of Regge-Teitelboim Gravity}, 
  journal={Physics of Atomic Nuclei}, 
  volume={79}, 
  number={11}, 
  pages={1494}, 
  doi={10.1134/S1063778816100124}, 
  year={2016} 
}
@Article{palatini,
author="Palatini, A.",
title="Deduzione invariantiva delle equazioni gravitazionali dal principio di Hamilton",
journal="Rendiconti del Circolo Matematico di Palermo (1884-1940)",
year="1919",
volume="43",
number="1",
pages="203--212",
issn="0009-725X",
doi="10.1007/BF03014670",
}
@article{ferraris_pal,
author="Ferraris, M.
and Francaviglia, M.
and Reina, C.",
title="Variational formulation of general relativity from 1915 to 1925 ``Palatini's method'' discovered by Einstein in 1925",
journal="General Relativity and Gravitation",
year="1982",
volume="14",
number="3",
pages="243--254",
issn="1572-9532",
doi="10.1007/BF00756060",
}
@article{ein_conn,
title = {Einheitliche Feldtheorie von Gravitation und Elektrizitat},
author = {Einstein, A.},
journal="Sitzungsber. preuss. Akad. Wiss., phys.-math. Kl.",
pages = {414--419},
year = {1925},
}
@article{hehl,
author="Hehl, F. W.
and Kerlick, G. D.",
title="Metric-affine variational principles in general relativity. I. Riemannian space-time",
journal="General Relativity and Gravitation",
year="1978",
volume="9",
number="8",
pages="691--710",
issn="1572-9532",
doi="10.1007/BF00760141",
}
@article{goenner1,
  title    = {On the History of Unified Field Theories},
  author   = {Goenner, H.},
  journal  = {Living Reviews in Relativity},
  year     = {2004},
  number   = {2},
  volume   = {7},
  keywords = {unified field theories, history of science},
  doi      = {10.12942/lrr-2004-2},
}
@article{goenner2,
  title    = {On the History of Unified Field Theories. Part II. (ca. 1930 - ca. 1965)},
  author   = {Goenner, H.},
  journal  = {Living Reviews in Relativity},
  year     = {2014},
  number   = {5},
  volume   = {17},
  keywords = {Differential geometry, History of science, Unified field theory},
  doi      = {10.12942/lrr-2014-5},
}
@article {eddington,
	author = {Eddington, A. S.},
	title = {A Generalisation of Weyl{\textquoteright}s Theory of the Electromagnetic and Gravitational Fields},
	volume = {99},
	number = {697},
	pages = {104--122},
	year = {1921},
	doi = {10.1098/rspa.1921.0027},
	publisher = {The Royal Society},
	issn = {0950-1207},
	journal = {Proceedings of the Royal Society of London A: Mathematical, Physical and Engineering Sciences}
}
@article {schouten,
	author = {Schouten, J. A.},
	title = {On a Non-Symmetrical Affine Field Theory},
	volume = {26},
	pages = {850--857},
	year = {1923},
	journal = {Proc. K. Akad. Wetensch.}
}
@Article{schouten_fr,
author="Friedmann, A.
and Schouten, J. A.",
title="{\"U}ber die Geometrie der halbsymmetrischen {\"U}bertragungen",
journal="Mathematische Zeitschrift",
year="1924",
volume="21",
number="1",
pages="211--223",
issn="1432-1823",
doi="10.1007/BF01187468"
}
@unpublished{horie2,
author={Horie, K.},
title={Geometric Interpretation of Electromagnetism in a Gravitational Theory with Torsion and Spinorial Matter},
year={1996},
eprint={arXiv:hep-th/9601066}
}
@Article{ferraris1982,
author="Ferraris, M.
and Kijowski, J.",
title="Unified geometric theory of electromagnetic and gravitational interactions",
journal="General Relativity and Gravitation",
year="1982",
volume="14",
number="1",
pages="37--47",
issn="1572-9532",
doi="10.1007/BF00756195"
}
@article{sandberg1975,
  title = {Are torsion theories of gravitation equivalent to metric theories?},
  author = {Sandberg, V. D.},
  journal = {Phys. Rev. D},
  volume = {12},
  issue = {10},
  pages = {3013--3018},
  year = {1975},
  month = {Nov},
  publisher = {American Physical Society},
  doi = {10.1103/PhysRevD.12.3013}
  }
@article{ein1955-1,
 ISSN = {0003486X},
 author = {A. Einstein and B. Kaufman},
 journal = {Annals of Mathematics},
 number = {1},
 pages = {128--138},
 publisher = {Annals of Mathematics},
 title = {A New Form of the General Relativistic Field Equations},
 volume = {62},
doi = {10.2307/2007103},
 year = {1955}
}
@inbook{ein1955-2,
title = {Relativistic Theory of the non-symmetric Field},
author = {Einstein, A.},
publisher = {Princeton},
	pages = {267--273},
booktitle = {The Meaning of Relativity. Fifth edition},
year = {1955}
}
@Article{Weyl_1918,
author="Weyl, H.",
title="Reine Infinitesimalgeometrie",
journal="Mathematische Zeitschrift",
year="1918",
volume="2",
number="3",
pages="384--411",
issn="1432-1823",
doi="10.1007/BF01199420",
note="in German"
}
@book{tonnelat,
author={Tonnelat, M. A.},
title={	Les theories unitaires de l'electromagnetisme et de la gravitation},
publisher={Gauthier-Villars},
year={1965},
note={in French}
}
@book{weyl_raum,
author={Weyl, H.},
title={Raum, Zeit, Materie},
publisher={Springer},
year={1923},
note={in German}
}
@Article{Borchsenius1976,
author="Borchsenius, K.",
title="An extension of the nonsymmetric unified field theory",
journal="General Relativity and Gravitation",
year="1976",
volume="7",
number="6",
pages="527--534",
issn="1572-9532",
doi="10.1007/BF00766412"
}
@Article{ein_1923,
author="Einstein, A.",
title="Zur affinen Feldtheorie",
journal="Sitzungsber. Preuss. Akad. Wiss.",
year="1923",
volume="XVII",
pages="137-140"
}
@Article{eyraud,
author="Eyraud, H.",
title="Sur le charact{\`e}re riemannien projectif du champ gravifique {\`e}lectromagn{\`e}tique",
journal="C. R. Acad. Sci.",
year="1925",
volume="180",
pages="127-129"
}
@Article{Straneo,
author="Straneo, P.",
title="Teorie Unitarie Della Gravitazione e Dell'elettricit{\`a}",
journal="Il Nuovo Cimento (1924-1942)",
year="1931",
volume="8",
number="2",
pages="CXXV--CXLV",
issn="1827-6121",
doi="10.1007/BF02961284"
}
@unpublished{horie9409018th,
author={Horie, K.},
title={Geometric Interpretation of Electromagnetism in a Gravitational Theory with Space--Time Torsion},
year={1994},
eprint={arXiv:hep-th/9409018}
}
@article{wesson_kaluza,
author="Overduin, J. M. and Wesson, P. S.",
title="Kaluza-Klein gravity",
journal="Physics Reports",
volume="283",
number="5",
pages="303-378",
year="1997",
issn="0370-1573",
doi="10.1016/S0370-1573(96)00046-4"
}
@book{vizgin_noether,
author={Vizgin, V. P.},
title={Razvitiye vzaimosvyazi printsipov invariantnosti s zakonami sokhraneniya v
klassicheskoy fizike [Evolution of Interrelation between Invariance Principles and Conservation
Laws in Classical Physics]},
publisher={Nauka},
year={1972},
note={in Russian}
}
@article{huygens,
 ISSN = {00211753, 15456994},
 URL = {http://www.jstor.org/stable/230011},
 author = {Huygens, C.},
 journal = {Isis},
 number = {4},
 pages = {574-597},
 publisher = {[University of Chicago Press, History of Science Society]},
 title = {Christiaan Huygens' The Motion of Colliding Bodies},
 volume = {68},
 note={English translation of "De  motu  corporum  ex  percussione" by R. T. Blackwell},
 year = {1977}
}
@article{tolman,
  title = {On the Use of the Energy-Momentum Principle in General Relativity},
  author = {Tolman, R. C.},
  journal = {Phys. Rev.},
  volume = {35},
  issue = {8},
  pages = {875--895},
  numpages = {0},
  year = {1930},
  month = {Apr},
  publisher = {American Physical Society},
  doi = {10.1103/PhysRev.35.875},
  url = {https://link.aps.org/doi/10.1103/PhysRev.35.875}
}
@article{papapetrou,
 ISSN = {00358975},
 URL = {http://www.jstor.org/stable/20488488},
 author = {Papapetrou, A.},
 journal = {Proceedings of the Royal Irish Academy. Section A: Mathematical and Physical Sciences},
 pages = {11-23},
 publisher = {Royal Irish Academy},
 title = {Einstein's Theory of Gravitation and Flat Space},
 volume = {52},
 year = {1948}
}
@article{freud,
 ISSN = {0003486X},
 URL = {http://www.jstor.org/stable/1968929},
 author = {Freud, Ph.},
 journal = {Annals of Mathematics},
 number = {2},
 pages = {417-419},
 publisher = {Annals of Mathematics},
 title = {Uber Die Ausdrucke Der Gesamtenergie Und Des Gesamtimpulses Eines Materiellen Systems in Der Allgemeinen Relativitatstheorie},
 volume = {40},
 year = {1939}
}
@book{Mickevich1969,
author={Mitskevich, N. V.},
title={Physical fields in General Relativity [Fizicheskie polia v obshchei teorii otnositel'nosti]},
publisher={Nauka},
year={1969},
note={in Russian}
}
@article{Rosenfeld,
 URL = {http://www.academieroyale.be/fr/details/oeuvres-2/sur-le-tenseur-d-impulsion-energie/secorig846/},
 author = {Rosenfeld, L.},
 journal = {Mem. Acad. Roy. Belg. Sci},
 number = {6},
 pages = {1536},
 title = {Sur le tenseur d'impulsion-energie},
 volume = {XVIII},
 year = {1940}
}
@article{faddeev-UFN1982,
  author={Faddeev, L. D.},
  title={The energy problem in Einstein's theory of gravitation (Dedicated to the memory of V. A. Fock)},
  journal={Soviet Physics Uspekhi},
  volume={25},
  number={3},
  pages={130},
doi={10.1070/PU1982v025n03ABEH004517},
year={1982}
}
@book{Fock-kniga,
author={Fock, V. A.},
title={Theory of Space, Time and Gravitation},
publisher={Pergamon},
year={1964},
isbn={978-0080100616}
}
@incollection{Petrov-gr-qc/0705.0019,
author={Petrov, A. N.},
title={Nonlinear Perturbations and Conservation Laws on Curved Backgrounds in GR and Other Metric Theories},
booktitle={Classical and Quantum Gravity Research},
editor={Christiansen M. N. and Rasmussen T. K.},
publisher={Nova Science},
address={New York},
year={2008},
chapter={2},
pages={79-160},
eprint={arXiv:0705.0019}
}
@ARTICLE{Einstein1913,
  author = {Einstein, A. and Grossman, M.},
  title = {Entwurf einer verallgemeinerten Relativitatstheorie und Theorie der Gravitation},
  year = {1913},
  journal = {Z. Math. und Phys.},
  volume = {62},
  pages = {225-261},
}
@ARTICLE{Einstein1915,
  author = {Einstein, A.},
  title = {Zur allgemeinen Relativitatstheorie},
  year = {1915},
  journal = {Sitzungsber. preuss. Akad. Wiss.},
  volume = {44},
 number = {2},
 pages = {778-786},
}
@ARTICLE{Einstein1916,
  author = {A. Einstein},
  title = {Hamiltonisches Prinzip und allgemeine Relativitatstheorie},
  year = {1916},
  journal = {Sitzungsber. preuss. Akad. Wiss.},
  volume = {2},
  pages = {1111},
}
@article{moller,
title = "On the localization of the energy of a physical system in the general theory of relativity",
journal = "Annals of Physics",
volume = "4",
number = "4",
pages = "347 - 371",
year = "1958",
issn = "0003-4916",
doi = "10.1016/0003-4916(58)90053-8",
author = "Moller, C.",
}
@Article{pnan2016,
author="Sheykin, A. A.
and Paston, S. A.",
title="Field-theoretical formulation of Regge--Teitelboim gravity",
journal="Physics of Atomic Nuclei",
year="2016",
volume="79",
number="11",
pages="1494--1496",
issn="1562-692X",
doi="10.1134/S1063778816100124",
eprint={arXiv:1704.06883}
}
@book{dirac_GR,
author={Dirac, P. A. M.},
title={General Theory of Relativity},
publisher={Princeton University Press},
year={1996},
isbn={978-0691011462}
}
@article{statja44,
author={Paston, S. A. and Semenova, E. N. and Franke, V. A. and Sheykin, A. A.},
title={Algebra of Implicitly Defined Constraints for Gravity as the General Form of Embedding Theory},
journal={Gravitation and Cosmology},
volume={23},
number={1},
pages={1-7},
year={2017},
doi={10.1134/S0202289317010145},
eprint={arXiv:1705.07361}
}
@article {Minkowski,
author = {Minkowski, H.},
title = {Das Relativitatsprinzip},
journal = {Annalen der Physik},
volume = {352},
number = {15},
publisher = {WILEY-VCH Verlag},
issn = {1521-3889},
doi = {10.1002/andp.19153521505},
pages = {927--938},
year = {1915},
}
@Article{Grishchuk1984,
author="Grishchuk, L. P.
and Petrov, A. N.
and Popova, A. D.",
title="Exact theory of the (Einstein) gravitational field in an arbitrary background space-time",
journal="Communications in Mathematical Physics",
year="1984",
volume="94",
number="3",
pages="379--396",
issn="1432-0916",
doi="10.1007/BF01224832"
}

@article{Petrov-1211.3268,
author="Petrov, A. N. and Lompay, R. R.",
title="Covariantized Noether identities and conservation laws for perturbations in metric theories of gravity",
journal="Gen. Relativ. Gravit.",
volume="45",
pages="545-579",
year="2013",
doi="10.1007/s10714-012-1487-4",
eprint="arXiv:1211.3268"
}

@article{mimetic-review17,
author="Sebastiani, L. and Vagnozzi, S. and Myrzakulov, R.",
title="Mimetic Gravity: A Review of Recent Developments and Applications to Cosmology and Astrophysics",
journal="Advances in High Energy Physics",
volume="2017",
pages="3156915",
year="2017",
doi="10.1155/2017/3156915",
eprint="arXiv:1612.08661"
}


  	
@article{berezin17,
author={V.~A. Berezin and V.~I. Dokuchaev and Yu.~N. Eroshenko},
title={Particle creation phenomenology, Dirac sea and the induced Weyl and Einstein-dilaton gravity},
journal={Journal of Cosmology and Astroparticle Physics},
volume={2017},
number={01},
pages={018},
year={2017},
doi="10.1088/1475-7516/2017/01/018",
eprint="arXiv:1604.07753"
}

  	
@article{lim1003.5751,
author={E. A. Lim and I. Sawicki and A. Vikman},
title={Dust of dark energy},
journal={Journal of Cosmology and Astroparticle Physics},
volume={2010},
number={05},
pages={012},
year={2010},
doi="10.1088/1475-7516/2010/05/012",
eprint="arXiv:1003.5751"
}

@inproceedings{lin1963,
author={Lin, C. C.},
booktitle={International School of Physics E.~Fermi (XXI)},
editor={G. Careri},
address={Academic Press, New York},
year={1961},
pages={93}
}

@article{seliger1968,
author={Seliger, R. L. and Whitham, G. B.},
title={Variational Principles in Continuum Mechanics},
journal={Proc. Roy. Soc. Lond. A},
volume={305},
pages={1-25},
year={1968},
doi={10.1098/rspa.1968.0103}
}

@article{schutz1970,
author={Schutz, B. F.},
title ={Perfect Fluids in General Relativity: Velocity Potentials and a Variational Principle},
journal={Phys. Rev. D},
volume={2},
number={12},
pages={2762-2773},
year={1970},
doi = {10.1103/PhysRevD.2.2762}
}


@article{ray1972,
author = {Ray, J. R.},
title = {Lagrangian Density for Perfect Fluids in General Relativity},
journal = {Journal of Mathematical Physics},
volume = {13},
number = {10},
pages = {1451-1453},
year = {1972},
doi = {10.1063/1.1665861}
}

@article{berezin1987,
author = {Berezin, V. A.},
title = {Unusual Hydrodynamics},
journal = {International Journal of Modern Physics A},
volume = {2},
number = {5},
pages = {1591-1615},
year = {1987},
doi = {10.1142/S0217751X87000831}
}

@article{brown93,
author={Brown, J. D.},
title={Action functionals for relativistic perfect fluids},
journal={Classical and Quantum Gravity},
volume={10},
number={8},
pages={1579},
year={1993},
doi = {10.1088/0264-9381/10/8/017},
eprint={arXiv:gr-qc/9304026}
}

@article{Fukagawa10,
author = {Fukagawa, H. and Fujitani, Y.},
title = {Clebsch Potentials in the Variational Principle for a Perfect Fluid},
journal = {Progress of Theoretical Physics},
volume = {124},
number = {3},
pages = {517-531},
year = {2010},
doi = {10.1143/PTP.124.517},
eprint={arXiv:1007.3093}
}

@article{dieztejedor13,
author = "Diez-Tejedor, A.",
title = "Note on scalars, perfect fluids, constrained field theories, and all that",
journal = "Physics Letters B",
volume = "727",
number = "1",
pages = "27-30",
year = "2013",
doi = "10.1016/j.physletb.2013.10.030",
eprint={arXiv:1309.4756}
}

@unpublished{ariki16,
author={Ariki, T. and Morales P. A.},
title={Field Theory of the Eulerian Perfect Fluid},
year={2016},
eprint={arXiv:1603.05935}
}

@unpublished{minguzzi16,
author={Minguzzi, E.},
title={Inclusion of a perfect fluid term into the Einstein-Hilbert action},
year={2016},
eprint={arXiv:1606.00082}
}

@article{Clebsch1859,
author = {Clebsch, A.},
title={Ueber die Integration der hydrodynamischen Gleichungen [in German]},
journal = {J. Reine Angew. Math.},
volume = {1859},
number={56},
pages = {1},
year = {1859},
doi = "10.1515/crll.1859.56.1"
}

@book{GreenSchwarzWitten,
author={Green, M. B. and Schwarz J. H. and Witten, E.},
title={Superstring theory},
publisher={Cambridge University Press},
year={1987}
}

@article{bernal2017,
author = "Bernal, A. N. and Janssen, B. and Jimenez-Cano, A. and Orejuela, J. A. and Sanchez, M. and Sanchez-Moreno, P.",
title = "On the (non-)uniqueness of the Levi-Civita solution in the Einstein-Hilbert-Palatini formalism",
journal = "Physics Letters B",
volume = "768",
pages = "280-287",
year = "2017",
issn = "0370-2693",
doi = "10.1016/j.physletb.2017.03.001",
eprint={arXiv:1606.08756}
}

@article{dadhich2012,
author="Dadhich, N. and Pons, J. M.",
title="On the equivalence of the Einstein-Hilbert and the Einstein-Palatini formulations of general relativity for an arbitrary connection",
journal="General Relativity and Gravitation",
year="2012",
volume="44",
number="9",
pages="2337-2352",
doi="10.1007/s10714-012-1393-9",
eprint={arXiv:1010.0869}
}

@article{tucker1995,
author={Tucker, R. W. and Wang, C.},
title={Black holes with Weyl charge and non-Riemannian waves},
journal={Classical and Quantum Gravity},
volume={12},
number={10},
pages={2587},
year={1995},
doi="10.1088/0264-9381/12/10/016",
eprint={arXiv:gr-qc/9509011}
}

@article{statja48,
author = {Paston, S. A.},
title = {Forms of action for perfect fluid in general relativity and mimetic gravity},
journal = {Phys. Rev. D},
volume = {96},
issue = {8},
pages = {084059},
numpages = {8},
year = {2017},
doi = {10.1103/PhysRevD.96.084059},
eprint={arXiv:1708.03944}
}

@article{krechet,
author = "Obukhov, Yu. N. and Krechet, V. G. and Ponomarev, V. N.", 
title = "Kruchenie, segmentarnaya krivizna i struktura prostranstva-vremeni [Torsion, segmentary curvature and spacetime structure]",
journal = "Gravitaciya i teoriya otnositelnosti [Gravitation and theory of relativity, in Russian]",
year = "1978", 
volume = "14-15", 
pages = "121-127"
} 

@book{cartan2001,
author={Cartan, E.},
title={Riemannian Geometry in an Orthogonal Frame},
publisher={World Scientific},
year={2001}
}

@article{Chaichian:2014qba,
author="Chaichian, M. and Kluson, J. and Oksanen, M. and Tureanu, A.",
title="Mimetic dark matter, ghost instability and a mimetic tensor-vector-scalar gravity",
journal="Journal of High Energy Physics",
year="2014",
volume="12",
pages="102",
doi="10.1007/JHEP12(2014)102",
eprint={arXiv:1404.4008}
}
  	
@article{mukhanov2014,
author={Chamseddine, A. H. and Mukhanov, V. and Vikman, A.},
title={Cosmology with Mimetic Matter},
journal={Journal of Cosmology and Astroparticle Physics},
year={2014},
volume={06},
pages={017},
doi={10.1088/1475-7516/2014/06/017},
eprint={arXiv:1403.3961}
}

@article{vikman2015,
author={Mirzagholi, L. and Vikman, A.},
title={Imperfect Dark Matter},
journal={Journal of Cosmology and Astroparticle Physics},
year={2015},
volume={06},
pages={028},
doi={10.1088/1475-7516/2015/06/028},
eprint={arXiv:1412.7136}
}

@article{kobayashi2017,
author={Hirano, Sh. and Nishi, S. and Kobayashi, T.},
title={Healthy imperfect dark matter from effective theory of mimetic cosmological perturbations},
journal={Journal of Cosmology and Astroparticle Physics},
year={2017},
volume={07},
pages={009},
doi={10.1088/1475-7516/2017/07/009},
eprint={arXiv:1704.06031}
}

@article{arroja2015,
author={Arroja, F. and Bartolo, N. and Karmakar, P. and Matarrese, S.},
title={The two faces of mimetic Horndeski gravity: disformal transformations and Lagrange multiplier},
journal={Journal of Cosmology and Astroparticle Physics},
year={2015},
volume={09},
pages={051},
doi={10.1088/1475-7516/2015/09/051},
eprint={arXiv:1506.08575}
}

@book{Ortin,
place={Cambridge},
series={Cambridge Monographs on Mathematical Physics},
title={Gravity and Strings},
DOI={10.1017/CBO9780511616563},
publisher={Cambridge University Press},
author={Ortin, Tomas},
year={2004},
collection={Cambridge Monographs on Mathematical Physics}
}

@article{statja46,
author = {Grad, D. A. and Ilin, R. V. and Paston, S. A. and Sheykin, A.A.},
title = {Gravitational energy in the framework of embedding and splitting theories},
journal = {Int. J. Mod. Phys. D},
volume = {27},
issue = {2},
pages = {1750188},
numpages = {20},
year = {2018},
doi = {10.1142/S0218271817501887},
eprint={arXiv:1707.01074}
}

@article{noether,
  author = {E. Noether},
  title = {Invariant variation problems},
  year = {1918},
  volume = {1918},
  journal = {Gott. Nachr.},
  pages = {235-257},
  eprint = {arXiv:physics/0503066},
}
@ARTICLE{belifante,
  author = {F.J. Belinfante},
  title = {On the spin angular momentum of mesons},
  year = "1939",
  journal = { Physica },
  volume = {6},
  pages ={887},
}
@ARTICLE{belifante2,
  author = {F.J. Belinfante},
  title = {On the current and the density of the electric charge, the energy, the linear momentum and the angular momentum of arbitrary fields},
  year = "1940",
  journal = { Physica },
  volume = {7},
  pages = {449},
}
@ARTICLE{rosen,
  author = {N.Rosen},
  title = {General Relativity and Flat Space. I},
  year = {1940},
  journal = {Phys. Rev.},
  volume = {57},
  pages = {147},
}
@ARTICLE{linden-bell,
  author = {J. Katz and J. Bicak and D. Lynden-Bell},
  title = {Relativistic conservation laws and integral constraints for large cosmological perturbations},
  year = {1997},
  journal = {Phys. Rev. D},
  volume = {55},
  pages = {5759}
}
@ARTICLE{katz,
  author = {J. Katz},
  title = {A note on Komar's anomalous factor},
  year = {1985},
  journal = {Class. Quantum Grav.},
  volume = {2},
  pages = {423},
}
@inproceedings{petrov1,
  author = {A.N. Petrov and J.Katz},
  title = {Conservation Laws for Large Perturbations on Curved Backgrounds},
  year = {1999},
  booktitle = {Proceedings of the Conference on "Fundamental Interactions: From Symmetries to Black Holes"},
  address = {Brussels},
  eprint = {arXiv:gr-qc/9905088},
  pages = {25-27},
}
@book{tele2,
  author = {V. C. de Andrade and L. C. T. Guillen and J. G. Pereira},
  title = {Teleparallel Gravity: An Overview},
  year = {2000},
  eprint = {arXiv:gr-qc/0011087},
}
@book{noether3,
  author = {K. Brading and H.R. Brown},
  title = {Noether's Theorems and Gauge Symmetries},
  year = {2000},
  eprint = {arXiv:hep-th/0009058v1},
}
@article{hawking,
  author = {S.W. Hawking and Gary T. Horowitz},
  title = {The Gravitational Hamiltonian, Action, Entropy, and Surface Terms},
  year = {1996},
  journal = {Class.Quant.Grav.},
  volume = {13},
  pages = {1487-1498},
  eprint = {arXiv:gr-qc/9501014},
}
@ARTICLE{julia,
  author = {B. Julia and S. Silva},
  title = {Currents and Superpotentials in classical gauge invariant theories I. Local results with applications to Perfect Fluids and General Relativity},
  year = "1998",
  journal = {Class.Quant.Grav.},
  volume = {15},
  pages ={2173-2215},
  eprint = {arXiv:gr-qc/9804029}
}
@book{Ohanian,
  author = {Hans C. Ohanian},
  title = {The Energy-Momentum Tensor in General Relativity and in Alternative Theories of Gravitation, and the Gravitational vs. Inertial Mass},
  year = "2010",
  eprint = {arXiv:1010.5557},
}
@ARTICLE{GoMa,
  author = {M.J. Gotay and J.E. Marsden},
  title = {Stress-Energy Momentum Tensors and the Belifante-Rosenfeld formula},
  year = "1992",
  journal = {Contemporary Mathematics},
  volume = {132},
  pages = {367-392},
}
@book{Weinberg,
  title={The Quantum Theory of Fields},
  author={Weinberg, S.},
  number={1},
  lccn={95002782},
  year={1995},
  publisher={Cambridge University Press}
}

@incollection{Trautman2008,
author={Trautman, A.},
title={Remarks on the history of the notion of Lie differentiation},
booktitle={Variations, Geometry and Physics},
editor={Krupkova, O. and Saunders, D. J.},
publisher={Nova Science Publishers},
address={New York},
year={2008},
pages={297-302}
}
  	
@article{bimetric_review,
author={Schmidt-May, A. and von Strauss, M.},
title={Recent developments in bimetric theory},
journal={Journal of Physics A: Mathematical and Theoretical},
volume={49},
number={18},
pages={183001},
year={2016},
doi = {10.1088/1751-8113/49/18/183001},
eprint={arXiv:1512.00021}
}

@article{golovnev2017,
author="Golovnev, A. and Smirnov, F.",
title="Unusual square roots in the ghost-free theory of massive gravity",
journal="Journal of High Energy Physics",
year="2017",
volume="2017",
number="6",
pages="130",
doi="10.1007/JHEP06(2017)130",
eprint={arXiv:1704.08874}
}

@article{hassan2018,
author="Hassan, S. F. and Kocic, M.",
title="On the local structure of spacetime in ghost-free bimetric theory and massive gravity",
journal="Journal of High Energy Physics",
year="2018",
volume="2018",
number="5",
pages="99",
doi="10.1007/JHEP05(2018)099",
eprint={arXiv:1706.07806}
}

@article{polyakov1981,
author = "Polyakov, A. M.",
title = "Quantum geometry of bosonic strings",
journal = "Physics Letters B",
volume = "103",
number = "3",
pages = "207-210",
year = "1981",
doi = "10.1016/0370-2693(81)90743-7"
}

@Article{statja47,
author="Kharuk, N. V. and Paston, S. A. and Sheykin, A. A.",
title="Classical Electromagnetic Potential as a Part of Gravitational Connection: Ideas and History",
journal="Gravitation and Cosmology",
year="2018",
volume="24",
number="3",
pages="209-219",
doi="10.1134/S0202289318030076",
eprint="arXiv:1709.02284"
}

@article{Bekenstein1993,
  title = {Relation between physical and gravitational geometry},
  author = {Bekenstein, J. D.},
  journal = {Phys. Rev. D},
  year = {1993},
  volume = {48},
  number = {8},
  pages = {3641-3647},
  doi = {10.1103/PhysRevD.48.3641},
  eprint={arXiv:gr-qc/9211017}
}

@article{arXiv1311.3111,
  author={Barvinsky, A. O.},
  title={Dark matter as a ghost free conformal extension of Einstein theory},
  journal={Journal of Cosmology and Astroparticle Physics},
  year={2014},
  volume={2014},
  number={01},
  pages={014},
  doi={10.1088/1475-7516/2014/01/014},
  eprint={arXiv:1311.3111}
}

@unpublished{arXiv1512.09118,
author={Hammer, K. and Vikman, A.},
title={Many Faces of Mimetic Gravity},
year={2015},
eprint={arXiv:1512.09118}
}

@article{arXiv1407.0825,
  author={Deruelle, N. and Rua, J.},
  title={Disformal transformations, veiled general relativity and mimetic gravity},
  journal={Journal of Cosmology and Astroparticle Physics},
  year={2014},
  volume={2014},
  number={09},
  pages={1409},
  doi={10.1088/1475-7516/2014/09/002},
  eprint={arXiv:1407.0825}
}

@Article{statja51,
author="Paston, S. A. and Sheykin, A. A.",
title="Embedding theory as new geometrical mimetic gravity",
journal="The European Physical Journal C",
year="2018",
volume="78",
number="12",
pages="989",
doi="10.1140/epjc/s10052-018-6474-9",
eprint={arXiv:1806.10902}
}

@book{landavshic2,
author={Landau, L. D. and Lifshitz, E. M.},
title={The Classical Theory of Fields},
publisher={Butterworth-Heinemann},
year={1987}
}

@book{novfrol,
author={ Frolov, V. P. and Novikov, I. D.},
title={Black Hole Physics: Basic Concepts and New Developments},
publisher={Springer},
year={1998}
}

@book{misner,
author={ Misner, C. and Thorne, K. and Wheeler, J.},
title={Gravitation},
publisher={Freeman},
year={1973}
}